<?xml version="1.0" encoding="UTF-8"?>
<record xmlns="http://www.loc.gov/MARC21/slim" xmlns:xsi="http://www.w3.org/2001/XMLSchema-instance" xsi:schemaLocation="http://www.loc.gov/MARC21/slim http://www.loc.gov/standards/marcxml/schema/MARC21slim.xsd">
<leader>00000cam a22      a 4500</leader>
<controlfield tag="001">002750536</controlfield>
<controlfield tag="003">NNU</controlfield>
<controlfield tag="005">20141112180541.0</controlfield>
<controlfield tag="008">911118s1884    tu            000 0 ara d</controlfield>
<datafield tag="035" ind1=" " ind2=" ">
<subfield code="a">(OCoLC)33994273</subfield>
</datafield>
<datafield tag="040" ind1=" " ind2=" ">
<subfield code="a">HLS</subfield>
<subfield code="b">eng</subfield>
<subfield code="c">HLS</subfield>
<subfield code="d">OCL</subfield>
<subfield code="d">OCLCG</subfield>
<subfield code="d">NYP</subfield>
<subfield code="d">OCLCA</subfield>
<subfield code="d">OCLCF</subfield>
<subfield code="d">NNU</subfield>
</datafield>
<datafield tag="050" ind1=" " ind2="4">
<subfield code="a">PJ7542.O43</subfield>
<subfield code="b">S5 1884</subfield>
</datafield>
<datafield tag="100" ind1="1" ind2=" ">
<subfield code="6">880-01</subfield>
<subfield code="a">Sharīf al-Murtaḍá, ʻAlam al-Hudá ʻAlī ibn al-Ḥusayn,</subfield>
<subfield code="d">966-1044 or 1045.</subfield>
</datafield>
<datafield tag="245" ind1="1" ind2="3">
<subfield code="6">880-02</subfield>
<subfield code="a">al-Shihāb fī al-shayb wa-al-shabāb /</subfield>
<subfield code="c">taʼlīf al-Sharīf al-Murtaḍá Abī al-Qāsim ʻAlī ibn al-Sharīf al-Ṭāhir Abī Aḥmad al-Ḥusayn ibn Mūsá al-Mūsawī. Wa-yalīhi Salwat al-ḥarīf bi-munāẓarat al-rabīʻ wa-al-kharīf / taʼlīf Abī ʻUthmān ʻAmr ibn Baḥr al-Jāḥiẓ.</subfield>
</datafield>
<datafield tag="246" ind1="3" ind2=" ">
<subfield code="6">880-03</subfield>
<subfield code="a">Salwat al-ḥarīf bi-munāẓarat al-rabīʻ wa-al-kharīf.</subfield>
</datafield>
<datafield tag="250" ind1=" " ind2=" ">
<subfield code="6">880-04</subfield>
<subfield code="a">al-Ṭabʻah 1.</subfield>
</datafield>
<datafield tag="260" ind1=" " ind2=" ">
<subfield code="a">Qusṭanṭīnīyah :</subfield>
<subfield code="b">Maṭbaʻat al-Jawāʼib,</subfield>
<subfield code="c">1302 [1884 or 1885]</subfield>
</datafield>
<datafield tag="300" ind1=" " ind2=" ">
<subfield code="a">136 p. ;</subfield>
<subfield code="c">25 cm.</subfield>
</datafield>
<datafield tag="530" ind1=" " ind2=" ">
<subfield code="a">Also issued online.</subfield>
</datafield>
<datafield tag="650" ind1=" " ind2="0">
<subfield code="a">Arabic poetry</subfield>
<subfield code="x">History and criticism</subfield>
<subfield code="v">Early works to 1800.</subfield>
</datafield>
<datafield tag="650" ind1=" " ind2="0">
<subfield code="a">Old age in literature</subfield>
<subfield code="v">Early works to 1800.</subfield>
</datafield>
<datafield tag="650" ind1=" " ind2="7">
<subfield code="a">Arabic poetry.</subfield>
<subfield code="2">fast</subfield>
<subfield code="0">(OCoLC)fst00812533</subfield>
</datafield>
<datafield tag="650" ind1=" " ind2="7">
<subfield code="a">Old age in literature.</subfield>
<subfield code="2">fast</subfield>
<subfield code="0">(OCoLC)fst01045348</subfield>
</datafield>
<datafield tag="655" ind1=" " ind2="7">
<subfield code="a">Criticism, interpretation, etc.</subfield>
<subfield code="2">fast</subfield>
<subfield code="0">(OCoLC)fst01411635</subfield>
</datafield>
<datafield tag="655" ind1=" " ind2="7">
<subfield code="a">Early works.</subfield>
<subfield code="2">fast</subfield>
<subfield code="0">(OCoLC)fst01411636</subfield>
</datafield>
<datafield tag="700" ind1="0" ind2=" ">
<subfield code="a">Jāḥiẓ,</subfield>
<subfield code="d">-868 or 869.</subfield>
<subfield code="t">Salwat al-ḥarīf bi-munāẓarat al-rabīʻ wa-al-kharīf.</subfield>
<subfield code="f">1884 or 1885.</subfield>
</datafield>
<datafield tag="776" ind1="0" ind2="8">
<subfield code="i">Online version:</subfield>
<subfield code="a">Sharīf al-Murtaḍá, ʻAlam al-Hudá ʻAlī ibn al-Ḥusayn, 966-1044 or 5.</subfield>
<subfield code="t">Shihāb fī al-shayb wa-al-shabāb.</subfield>
<subfield code="b">al-Ṭabʻah 1.</subfield>
<subfield code="d">Qusṭanṭīnīyah : Maṭbaʻat al-Jawāʼib, 1302 [1884 or 1885]</subfield>
<subfield code="w">(OCoLC)586081794</subfield>
</datafield>
<datafield tag="880" ind1="1" ind2=" ">
<subfield code="6">100-01/</subfield>
<subfield code="a">شريف المرتضى، علم الهدى علي بن الحسين</subfield>
</datafield>
<datafield tag="880" ind1="1" ind2="2">
<subfield code="6">245-02/</subfield>
<subfield code="a">الشهاب في الشيب والشباب /</subfield>
<subfield code="c">تأليف الشريف المرتضى ابي القاسم علي بن الشريف الطاهر ابي احمد الحسين بن موسى الموسوي. ويليه سلوة الحريف بمناظرة الربيع والخريف / تأليف ابي عثمان عمرو بن بحر الجاحظ.</subfield>
</datafield>
<datafield tag="880" ind1="3" ind2=" ">
<subfield code="6">246-03/</subfield>
<subfield code="a">سلوة الحريف بمناظرة الربيع والخريف.</subfield>
</datafield>
<datafield tag="880" ind1=" " ind2=" ">
<subfield code="6">250-04/</subfield>
<subfield code="a">الطبعة 1.</subfield>
</datafield>
<datafield tag="OWN" ind1=" " ind2=" ">
<subfield code="a">GENERAL</subfield>
</datafield>
<datafield tag="AVA" ind1=" " ind2=" ">
<subfield code="a">NYU50</subfield>
<subfield code="b">BOBST</subfield>
<subfield code="c">Main Collection</subfield>
<subfield code="d">PJ7542.O43 S5 1884</subfield>
<subfield code="e">unavailable</subfield>
<subfield code="t">Unavailable</subfield>
<subfield code="f">1</subfield>
<subfield code="g">1</subfield>
<subfield code="h">N</subfield>
<subfield code="i">1</subfield>
<subfield code="j">MAIN</subfield>
<subfield code="k">0</subfield>
</datafield>
</record>
